%LOOOOOOOOL
@misc{geeksforgeeks-2022,
	author = {GeeksforGeeks},
	month = {11},
	title = {{Software Engineering User Interface Design}},
	year = {2022},
	url = {https://www.geeksforgeeks.org/software-engineering-user-interface-design/},
}
@misc{guntupalli-no-date,
	author = {Guntupalli, Ravi Chandra Chaitanya},
	publisher = {University West},
	title = {{User Interface Design - Methods and Qualities of a Good User Interface Design}},
}
@article{hentati-2015,
	author = {Hentati, Marwa and Trabelsi, Abdelwaheb and Ben Ammar, Lassaad and Mahfoudhi, Adel},
	journal = {2015 8th International Conference on Human System Interaction (HSI)},
	month = {6},
	publisher = {IEEE},
	title = {{Towards optimizing the usability of user interface generated with model-driven development process}},
	year = {2015},
	doi = {10.1109/hsi.2015.7170667},
	url = {http://dx.doi.org/10.1109/hsi.2015.7170667},
}
@article{hilbert-2000,
	author = {Hilbert, David M. and Redmiles, David F.},
	journal = {ACM Computing Surveys},
	month = {12},
	number = {4},
	pages = {384--421},
	publisher = {Association for Computing Machinery (ACM)},
	title = {{Extracting usability information from user interface events}},
	volume = {32},
	year = {2000},
	doi = {10.1145/371578.371593},
	url = {http://dx.doi.org/10.1145/371578.371593},
}
@article{joo-2017,
	author = {Joo, Heonsik},
	journal = {International Journal of Applied Engineering Research},
	number = {20},
	pages = {9931--9935},
	title = {{A Study on Understanding of UI and UX, and Understanding of Design According to User Interface Change}},
	volume = {12},
	year = {2017},
	url = {https://www.ripublication.com/ijaer17/ijaerv12n20\_96.pdf},
}
@article{kokol-1995,
	author = {Kokol, Peter and Rozman, Ivan and Venuti, Vlado},
	journal = {ACM SIGPLAN Notices},
	month = {4},
	number = {4},
	pages = {36--38},
	publisher = {Association for Computing Machinery (ACM)},
	title = {{User interface metrics}},
	volume = {30},
	year = {1995},
	doi = {10.1145/202176.202180},
	url = {http://dx.doi.org/10.1145/202176.202180},
}
@article{purchase-2011,
	author = {Purchase, Helen C. and Hamer, John and Jamieson, Adrian and Ryan, Oran},
	journal = {Australasian User Interface Conference},
	month = {1},
	pages = {19--28},
	title = {{Investigating objective measures of web page aesthetics and usability}},
	year = {2011},
	url = {http://eprints.gla.ac.uk/54578/},
}
@article{sharma-2021,
	author = {Sharma, Vatsal and Tiwari, Ankit Kumar},
	journal = {World Journal of Research and Review},
	month = {6},
	number = {6},
	pages = {41--44},
	title = {{A Study on User Interface and User Experience Designs and its Tools}},
	volume = {12},
	year = {2021},
	url = {https://www.wjrr.org/download\_data/WJRR1206016.pdf},
}
@misc{unknown-author-no-dateA,
	title = {{Software Engineering | User Interface Design - javatpoint}},
	url = {https://www.javatpoint.com/software-engineering-user-interface-design},
}
@misc{tutorialspoint-2021,
	author = {TutorialsPoint},
	month = {7},
	title = {{Software User Interface Design}},
	year = {2021},
	url = {https://www.tutorialspoint.com/software\_engineering/software\_user\_interface\_design.htm},
}
@misc{unknown-author-no-dateB,
	title = {{Usability 101: Introduction to Usability}},
	url = {https://www.nngroup.com/articles/usability-101-introduction-to-usability/},
}
@misc{unknown-author-no-dateC,
	title = {{What is Usability?}},
	url = {https://www.interaction-design.org/literature/topics/usability},
}